<record><leader>00000cas a22000007a 4500</leader><controlfield tag="001">21455566</controlfield><controlfield tag="008">900430d18851887nhuwr ne      0    0eng d</controlfield><datafield ind1=" " ind2=" " tag="010"><subfield code="a">sn 90062244 </subfield></datafield><datafield ind1=" " ind2=" " tag="040"><subfield code="a">NVH</subfield><subfield code="b">eng</subfield><subfield code="c">NVH</subfield><subfield code="d">OCLCQ</subfield></datafield><datafield ind1=" " ind2=" " tag="042"><subfield code="a">msc</subfield></datafield><datafield ind1="0" ind2="0" tag="245"><subfield code="a">Independent &amp; times.</subfield></datafield><datafield ind1="3" ind2="0" tag="246"><subfield code="a">Independent and times</subfield></datafield><datafield ind1=" " ind2=" " tag="260"><subfield code="a">Warner, N.H. :</subfield><subfield code="b">E.C. Cole</subfield></datafield><datafield ind1=" " ind2=" " tag="300"><subfield code="a">v.</subfield></datafield><datafield ind1=" " ind2=" " tag="310"><subfield code="a">Weekly</subfield></datafield><datafield ind1="0" ind2=" " tag="362"><subfield code="a">Vol. 1, no. 41 (Jan. 9, 1885)-v. 4, no. 10 (June 3, 1887).</subfield></datafield><datafield ind1=" " ind2=" " tag="752"><subfield code="a">United States</subfield><subfield code="b">New Hampshire</subfield><subfield code="c">Merrimack</subfield><subfield code="d">Warner.</subfield></datafield><datafield ind1="0" ind2="4" tag="780"><subfield code="t">Kearsarge independent (Warner, N.H. : 1884)</subfield><subfield code="w">(DLC)sn 90062243</subfield></datafield><datafield ind1="0" ind2="4" tag="780"><subfield code="t">Hopkinton times</subfield><subfield code="w">(DLC)sn 84020495</subfield></datafield><datafield ind1="0" ind2="0" tag="785"><subfield code="t">Kearsarge independent and times</subfield><subfield code="w">(DLC)sn 90062245</subfield></datafield></record>